<?xml version="1.0" encoding="UTF-8"?><collection xmlns="http://www.loc.gov/MARC21/slim"><record><leader>00293nam--2200121-i-4500</leader><controlfield tag="001">000024762</controlfield><controlfield tag="002">20161230</controlfield><controlfield tag="005">20161230201035</controlfield><controlfield tag="008">060222s1000------------r-----000-0-eng-d</controlfield><datafield ind1=" " ind2=" " tag="080"><subfield code="a">06.003(082.1)(520)</subfield></datafield><datafield ind1=" " ind2=" " tag="245"><subfield code="a">Japonia. studii monografice</subfield></datafield><datafield ind1=" " ind2=" " tag="260"><subfield code="a">Bucuresti, Inid, 1988, 91p</subfield></datafield><datafield ind1=" " ind2=" " tag="852"><subfield code="a">78867</subfield></datafield></record></collection>